<collection xmlns="http://www.loc.gov/MARC21/slim">
<record>
  <leader>01084nam0a22002171i 450 </leader>
  <controlfield tag="001">IT\ICCU\CNCE\067482</controlfield>
  <controlfield tag="005">20061004000000.0</controlfield>
  <datafield tag="012" ind1=" " ind2=" ">
    <subfield code="a">iule o.io o.o, TuEi (3) 1589 (Q)</subfield>
    <subfield code="2">fei</subfield>
  </datafield>
  <datafield tag="100" ind1=" " ind2=" ">
    <subfield code="a">20060907d1589        0itac0103    ba</subfield>
  </datafield>
  <datafield tag="101" ind1=" " ind2=" ">
    <subfield code="a">ITA</subfield>
  </datafield>
  <datafield tag="102" ind1=" " ind2=" ">
    <subfield code="a">IT</subfield>
  </datafield>
  <datafield tag="200" ind1="1" ind2=" ">
    <subfield code="a">Della incarnatione morte, &amp; ressurrettione di Christo n.s. del m.r.p.f. Gio. Battista del Tufo napolitano, dell&apos;Ordine de Predicatori, della provincia del regno</subfield>
  </datafield>
  <datafield tag="210" ind1=" " ind2=" ">
    <subfield code="a">In Ferrara</subfield>
    <subfield code="c">appresso Vittorio Baldini</subfield>
    <subfield code="d">stampator ducale</subfield>
    <subfield code="d">\1589!</subfield>
  </datafield>
  <datafield tag="215" ind1=" " ind2=" ">
    <subfield code="a">28 c.</subfield>
    <subfield code="d">8℗ð</subfield>
  </datafield>
  <datafield tag="300" ind1=" " ind2=" ">
    <subfield code="a">Eliminata perch ̌accorpata a CNC16727. - Per la catalogazione, cfr.: Edit16. -  La data di pubbl. si ricava dalla ded. -  Segn.: A-B́ı. -  Vignetta xil. sul front. -  Iniziali e fregi xil</subfield>
  </datafield>
  <datafield tag="620" ind1=" " ind2=" ">
    <subfield code="a">IT</subfield>
    <subfield code="d">Ferrara</subfield>
  </datafield>
  <datafield tag="712" ind1="0" ind2="0">
    <subfield code="a">Baldini, Vittorio</subfield>
    <subfield code="3">IT\ICCU\CNCT\000024</subfield>
    <subfield code="4">650</subfield>
  </datafield>
  <datafield tag="791" ind1="0" ind2="2">
    <subfield code="a">Stamperia Camerale</subfield>
    <subfield code="c"> &lt;Ferrara&gt;</subfield>
    <subfield code="3">IT\ICCU\CNCT\002460</subfield>
    <subfield code="z">Baldini, Vittorio</subfield>
  </datafield>
  <datafield tag="791" ind1="0" ind2="0">
    <subfield code="a">Baldinus, Victorius</subfield>
    <subfield code="3">IT\ICCU\CNCT\004286</subfield>
    <subfield code="z">Baldini, Vittorio</subfield>
  </datafield>
  <datafield tag="801" ind1=" " ind2="3">
    <subfield code="a">IT</subfield>
    <subfield code="b">ICCU</subfield>
    <subfield code="c">20201115</subfield>
  </datafield>
  <datafield tag="899" ind1=" " ind2=" ">
    <subfield code="a">Biblioteca universitaria Alessandrina. Roma</subfield>
    <subfield code="1">RM0280</subfield>
    <subfield code="2">RML 01</subfield>
  </datafield>
</record>
</collection>
